@article{DBLP:journals/corr/abs-1812-00572,
  author    = {Hyunkwang Lee and
               Myeongchan Kim and
               Synho Do},
  title     = {Practical Window Setting Optimization for Medical Image Deep Learning},
  journal   = {CoRR},
  volume    = {abs/1812.00572},
  year      = {2018},
  url       = {http://arxiv.org/abs/1812.00572},
  eprinttype = {arXiv},
  eprint    = {1812.00572},
  timestamp = {Tue, 01 Jan 2019 15:01:25 +0100},
  biburl    = {https://dblp.org/rec/journals/corr/abs-1812-00572.bib},
  bibsource = {dblp computer science bibliography, https://dblp.org}
}

