@inproceedings{DBLP:conf/icml/TanL21,
  author    = {Mingxing Tan and
               Quoc V. Le},
  editor    = {Marina Meila and
               Tong Zhang},
  title     = {EfficientNetV2: Smaller Models and Faster Training},
  booktitle = {Proceedings of the 38th International Conference on Machine Learning,
               {ICML} 2021, 18-24 July 2021, Virtual Event},
  series    = {Proceedings of Machine Learning Research},
  volume    = {139},
  pages     = {10096--10106},
  publisher = {{PMLR}},
  year      = {2021},
  url       = {http://proceedings.mlr.press/v139/tan21a.html},
  timestamp = {Wed, 25 Aug 2021 17:11:17 +0200},
  biburl    = {https://dblp.org/rec/conf/icml/TanL21.bib},
  bibsource = {dblp computer science bibliography, https://dblp.org}
}

